<record><leader>00000cas a22000007a 4500</leader><controlfield tag="001">23174514</controlfield><controlfield tag="008">910301d188u1891coudr ne      0    0eng d</controlfield><datafield ind1=" " ind2=" " tag="010"><subfield code="a">sn 91052254 </subfield></datafield><datafield ind1=" " ind2=" " tag="040"><subfield code="a">CNQ</subfield><subfield code="b">eng</subfield><subfield code="c">CNQ</subfield><subfield code="d">OCLCQ</subfield></datafield><datafield ind1=" " ind2=" " tag="042"><subfield code="a">msc</subfield></datafield><datafield ind1="0" ind2="0" tag="245"><subfield code="a">Colorado Springs republic.</subfield></datafield><datafield ind1=" " ind2=" " tag="260"><subfield code="a">Colorado Springs, Colo. :</subfield><subfield code="b">L.H. Gowdy &amp; Co.</subfield></datafield><datafield ind1=" " ind2=" " tag="300"><subfield code="a">v.</subfield></datafield><datafield ind1=" " ind2=" " tag="310"><subfield code="a">Daily,</subfield><subfield code="b">Apr. 15, 1889-</subfield></datafield><datafield ind1=" " ind2=" " tag="321"><subfield code="a">Triweekly,</subfield><subfield code="b">&lt;Jan. 4, 1888&gt;-Apr. 13, 1889</subfield></datafield><datafield ind1="1" ind2=" " tag="362"><subfield code="a">Ceased in 1891.</subfield></datafield><datafield ind1=" " ind2=" " tag="580"><subfield code="a">Weekly ed.: El Paso County republic.</subfield></datafield><datafield ind1=" " ind2=" " tag="588"><subfield code="a">Description based on: Vol. 9, no. 4 (Jan. 4, 1888).</subfield></datafield><datafield ind1=" " ind2=" " tag="752"><subfield code="a">United States</subfield><subfield code="b">Colorado</subfield><subfield code="c">El Paso</subfield><subfield code="d">Colorado Springs.</subfield></datafield><datafield ind1="1" ind2=" " tag="775"><subfield code="t">Paso County republic</subfield><subfield code="w">(DLC)sn 91052577</subfield></datafield><datafield ind1="0" ind2="0" tag="785"><subfield code="t">Republic and telegraph</subfield><subfield code="w">(DLC)sn 86063191</subfield></datafield></record>